<?xml version="1.0" encoding="UTF-8"?><collection xmlns="http://www.loc.gov/MARC21/slim"><record><leader>00440nam--2200169-i-4500</leader><controlfield tag="001">000011628</controlfield><controlfield tag="002">20161230</controlfield><controlfield tag="005">20170115164342</controlfield><controlfield tag="008">060222s1000------------r-----000-0-eng-d</controlfield><datafield ind1=" " ind2=" " tag="080"><subfield code="a">523</subfield></datafield><datafield ind1=" " ind2=" " tag="245"><subfield code="a">Astrophysics. Part a: Optical and infrared</subfield></datafield><datafield ind1=" " ind2=" " tag="260"><subfield code="a">New York</subfield><subfield code="b">Academic Press</subfield><subfield code="c">1974</subfield></datafield><datafield ind1=" " ind2=" " tag="300"><subfield code="a">XIII + 587 p</subfield></datafield><datafield ind1=" " ind2=" " tag="490"><subfield code="a">Methods Of Experimental Physics</subfield></datafield><datafield ind1=" " ind2=" " tag="700"><subfield code="a">Carleton, N</subfield></datafield><datafield ind1=" " ind2=" " tag="852"><subfield code="a">14584</subfield></datafield><datafield ind1=" " ind2=" " tag="CAT"><subfield code="a">SYS</subfield><subfield code="c">20170115</subfield><subfield code="h">164342</subfield></datafield></record></collection>